@article{KotlinMultiplatformRelease,
  author       = {Kotlin Documentation Team},
  title        = {Update to the New Release},
  journal      = {Kotlin Multiplatform Plugin Releases},
  month        = {09},
  year         = {2024},
  note         = {\url{https://kotlinlang.org/docs/multiplatform-plugin-releases.html#update-to-the-new-release} (last visited on 2024-11-29)},
}

@article{ComposeMultiplatformRelease,
  author       = {Elvira Mustafina},
  title        = {Compose Multiplatform 1.7.0 Released},
  journal      = {JetBrains Blog},
  month        = {10},
  year         = {2024},
  note         = {\url{https://blog.jetbrains.com/kotlin/2024/10/compose-multiplatform-1-7-0-released/} (last visited on 2024-11-29)},
}

@article{KotlinCrossPlatformFrameworks,
  author       = {JetBrains},
  title        = {Popular Cross-Platform App Development Frameworks},
  journal      = {Kotlin Multiplatform Documentation},
  month        = {09},
  year         = {2024},
  note         = {\url{https://www.jetbrains.com/help/kotlin-multiplatform-dev/cross-platform-frameworks.html#popular-cross-platform-app-development-frameworks} (last visited on 2024-11-29)},
}

@article{KotlinMultiplatformStable,
  author       = {Ekaterina Petrova},
  title        = {Kotlin Multiplatform Goes Stable},
  journal      = {Kotlin Blog},
  month        = {11},
  year         = {2023},
  note         = {\url{https://blog.jetbrains.com/kotlin/2023/11/kotlin-multiplatform-stable/} (last visited on 2024-11-29)},
}

@article{MLKit,
  author       = {Google LLC},
  title        = {Recognize text in images with ML Kit on Android},
  journal      = {ML-Kit Guides},
  month        = {10},
  year         = {2024},
  note         = {\url{https://developers.google.com/ml-kit/vision/text-recognition/v2/android} (last visited on 2024-11-29)},
}

@article{FlutterVsCompose,
  author       = {Droid Chef},
  title        = {Flutter vs Jetpack Compose: The Battle of the Century},
  journal      = {Ishan Khanna},
  month        = {11},
  year         = {2022},
  note         = {\url{https://blog.droidchef.dev/flutter-vs-jetpack-compose-the-battle-of-the-century/} (last visited on 2024-11-29)},
}

@article{GettingStartedWithJetpackCompose,
  author       = {Lazar Nikolov},
  title        = {Getting Started with Jetpack Compose},
  journal      = {Sentry Blog},
  month        = {02},
  year         = {2023},
  note         = {\url{https://blog.sentry.io/getting-started-with-jetpack-compose/} (last visited on 2024-11-29)},
}


@article{BasicCodelab,
  author       = {Google LLC},
  title        = {Jetpack Compose basics},
  journal      = {Android codelabs},
  month        = {01},
  year         = {2024},
  note         = {\url{https://developer.android.com/codelabs/jetpack-compose-basics#0} (last visited on 2024-11-29)},
}

@article{StateVsStateFlow,
  author       = {Husayn Fakher},
  title        = {Compose State vs StateFlow: State Management in Jetpack Compose},
  journal      = {Medium},
  month        = {04},
  year         = {2024},
  note         = {\url{https://medium.com/@husayn.fakher/compose-state-vs-stateflow-state-management-in-jetpack-compose-c99740732023} (last visited on 2024-11-29)},
}

@article{ViewModelAndroid,
  author       = {Google LLC},
  title        = {ViewModel overview},
  journal      = {Android Developers Guide},
  month        = {07},
  year         = {2024},
  note         = {\url{https://developer.android.com/topic/libraries/architecture/viewmodel} (last visited on 2024-11-29)},
}

@article{ViewModelKMP,
  author       = {JetBrains},
  title        = {Common ViewModel},
  journal      = {Kotlin Multiplatform Development},
  month        = {10},
  year         = {2024},
  note         = {\url{https://www.jetbrains.com/help/kotlin-multiplatform-dev/compose-viewmodel.html} (last visited on 2024-11-29)},
}

@article{NavigationKMP,
  author       = {JetBrains},
  title        = {Navigation and routing},
  journal      = {Kotlin Multiplatform Development},
  month        = {10},
  year         = {2024},
  note         = {\url{https://www.jetbrains.com/help/kotlin-multiplatform-dev/compose-navigation-routing.html} (last visited on 2024-11-29)},
}

@article{Ktor,
  author       = {JetBrains},
  title        = {Creating a cross-platform mobile application},
  journal      = {Ktor Documentation},
  month        = {04},
  year         = {2024},
  note         = {\url{https://ktor.io/docs/client-create-multiplatform-application.html} (last visited on 2024-11-29)},
}

@article{Serialization,
  author       = {JetBrains},
  title        = {Serialization},
  journal      = {Official libraries},
  month        = {09},
  year         = {2024},
  note         = {\url{https://kotlinlang.org/docs/serialization.html#0} (last visited on 2024-11-29)},
}

@article{CameraX,
  author       = {Google LLC},
  title        = {CameraX overview},
  journal      = {Android Developers Guide},
  month        = {01},
  year         = {2024},
  note         = {\url{https://developer.android.com/media/camera/camerax} (last visited on 2024-11-29)},
}

@article{Permissions,
  author       = {Lukoh Nam},
  title        = {Jetpack Compose Permissions using Accompanist library, ModalBottomSheet},
  journal      = {Medium},
  month        = {05},
  year         = {2023},
  note         = {\url{https://medium.com/@lukohnam/jetpack-compose-permissions-using-accompanist-library-b1c0fbbe8831} (last visited on 2024-11-29)},
}

@article{PDFbox,
  author       = {Apache},
  title        = {Apache PDFBox® - A Java PDF Library},
  journal      = {Apache PDFBox®},
  month        = {07},
  year         = {2024},
  note         = {\url{https://pdfbox.apache.org/} (last visited on 2024-11-29) (last visited on 2024-11-29)},
}

@article{KotlinDSL,
  author       = {Ivan Osipov},
  title        = {Kotlin DSL: from Theory to Practice},
  journal      = {JMIX},
  month        = {10},
  year         = {2017},
  note         = {\url{https://www.jmix.io/cuba-blog/kotlin-dsl-from-theory-to-practice} (last visited on 2024-11-29)},
}

@article{Fleet,
  author       = {JetBrains},
  title        = {Use Fleet for Multiplatform development — tutorial},
  journal      = {Kotlin Multiplatform Development},
  month        = {10},
  year         = {2024},
  note         = {\url{https://www.jetbrains.com/help/kotlin-multiplatform-dev/fleet.html#prepare-your-development-environment} (last visited on 2024-11-29)},
}

@article{Backend,
  author       = {JetBrains},
  title        = {Integrate a database with Kotlin, Ktor, and Exposed},
  journal      = {Ktor Documentation},
  month        = {09},
  year         = {2024},
  note         = {\url{https://ktor.io/docs/server-integrate-database.html} (last visited on 2024-11-29)},
}

@article{Docker,
  author       = {Docker Team},
  title        = {What is Docker?},
  journal      = {Dockerdocs},
  month        = {11},
  year         = {2024},
  note         = {\url{https://docs.docker.com/get-started/docker-overview/} (last visited on 2024-11-29)},
}

@article{Flutter,
  author       = {Flutter Team},
  title        = {Flutter},
  journal      = {Flutter},
  month        = {11},
  year         = {2024},
  note         = {\url{https://flutter.dev/} (last visited on 2024-11-29)},
}

@article{ReactNative,
  author       = {React Native Team},
  title        = {React Native},
  journal      = {React Native},
  month        = {11},
  year         = {2024},
  note         = {\url{https://reactnative.dev/} (last visited on 2024-11-29)},
}

@article{MAUI,
  author       = {Microsoft},
  title        = {.NET Multi-platform App UI},
  journal      = {.NET MAUI},
  month        = {11},
  year         = {2024},
  note         = {\url{https://dotnet.microsoft.com/en-us/apps/maui} (last visited on 2024-11-29)},
}

@article{BasicProject,
  author       = {JetBrains},
  title        = {The basics of Kotlin Multiplatform project structure},
  journal      = {Multiplatform Development},
  month        = {09},
  year         = {2024},
  note         = {\url{https://kotlinlang.org/docs/multiplatform-discover-project.html#compilation-to-a-specific-target} (last visited on 2024-11-29)},
}

@article{MVVMArchitecture,
  author       = {Antoine van der Lee},
  title        = {MVVM: An architectural coding pattern to structure SwiftUI Views},
  journal      = {SwiftLee},
  month        = {05},
  year         = {2024},
  note         = {\url{https://www.avanderlee.com/swiftui/mvvm-architectural-coding-pattern-to-structure-views/} (last visited on 2024-11-29)},
}

@article{RESTAPIAlternatives,
  author       = {Markus Kohler},
  title        = {7 Alternatives to REST APIs},
  journal      = {PubNub},
  month        = {01},
  year         = {2024},
  note         = {\url{https://www.pubnub.com/blog/7-alternatives-to-rest-apis/} (last visited on 2024-11-29)},
}

@article{Coroutine,
  author       = {JetBrains},
  title        = {Coroutines guide},
  journal      = {Official libraries},
  month        = {02},
  year         = {2022},
  note         = {\url{https://kotlinlang.org/docs/coroutines-guide.html} (last visited on 2024-11-29)},
}

@article{ComponentDiagram,
  author       = {Unknown},
  title        = {What is Component Diagram?},
  journal      = {Visual Paradigm},
  month        = {11},
  year         = {2024},
  note         = {\url{https://www.visual-paradigm.com/guide/uml-unified-modeling-language/what-is-component-diagram/} (last visited on 2024-11-29)},
}





@book{Wettl04,
  author    = {Ferenc Wettl and Gyula Mayer and Péter Szabó},
  publisher = {Panem Könyvkiadó},
  title     = {\LaTeX~kézikönyv},
  year      = {2004},
}

@article{Candy86,
  author       = {James C. Candy},
  journal      = {{IEEE} Trans.\ on Communications},
  month        = {01},
  note         = {\doi{10.1109/TCOM.1986.1096432}},
  number       = {1},
  pages        = {72--76},
  title        = {Decimation for Sigma Delta Modulation},
  volume       = {34},
  year         = {1986},
}

@inproceedings{Lee87,
  author    = {Wai L. Lee and Charles G. Sodini},
  booktitle = {Proc.\ of the IEEE International Symposium on Circuits and Systems},
  location  = {Philadelphia, PA, USA},
  month     = {05~4--7},
  pages     = {459--462},
  title     = {A Topology for Higher Order Interpolative Coders},
  vol       = {2},
  year      = {1987},
}

@thesis{KissPhD,
  author      = {Peter Kiss},
  institution = {Technical University of Timi\c{s}oara, Romania},
  month       = {04},
  title       = {Adaptive Digital Compensation of Analog Circuit Imperfections for Cascaded Delta-Sigma Analog-to-Digital Converters},
  type        = {phdthesis},
  year        = {2000},
}

@manual{Schreier00,
  author       = {Richard Schreier},
  month        = {01},
  note         = {\url{http://www.mathworks.com/matlabcentral/fileexchange/}},
  organization = {Oregon State University},
  title        = {The Delta-Sigma Toolbox v5.2},
  year         = {2000},
}

@misc{DipPortal,
  author       = {{Budapesti Műszaki és Gazdaságtudományi Egyetem Villamosmérnöki és Informatikai Kar}},
  howpublished = {\url{http://diplomaterv.vik.bme.hu/}},
  title        = {Diplomaterv portál (2011. február 26.)},
}

@incollection{Mkrtychev:1997,
  author    = {Mkrtychev, Alexey},
  booktitle = {Logical Foundations of Computer Science},
  doi       = {10.1007/3-540-63045-7_27},
  editor    = {Adian, Sergei and Nerode, Anil},
  isbn      = {978-3-540-63045-6},
  pages     = {266-275},
  publisher = {Springer Berlin Heidelberg},
  series    = {Lecture Notes in Computer Science},
  title     = {Models for the logic of proofs},
  url       = {http://dx.doi.org/10.1007/3-540-63045-7_27},
  volume    = {1234},
  year      = {1997},
}

@report{Jeney,
  author      = {Jeney, Gábor},
  institution = {Budapesti Műszaki és Gazdaságtudományi Egyetem, Híradástechnikai Tanszék},
  location    = {Budapest},
  note        = {\url{http://www.mcl.hu/~jeneyg/kinezet.pdf}},
  title       = {Hogyan néz ki egy igényes dokumentum? {N}éhány szóban az alapvető tipográfiai szabályokról},
  type        = {techreport},
  year        = {2014},
}

